<?xml version="1.0" encoding="UTF-8"?><collection xmlns="http://www.loc.gov/MARC21/slim"><record><leader>00395nam--2200145-i-4500</leader><controlfield tag="001">000004667</controlfield><controlfield tag="002">20161230</controlfield><controlfield tag="005">20170208124628</controlfield><controlfield tag="008">060222s1000------------r-----000-0-eng-d</controlfield><datafield ind1=" " ind2=" " tag="100"><subfield code="a">Brdicka, Rudolf</subfield></datafield><datafield ind1=" " ind2=" " tag="245"><subfield code="a">Kinetika radiooxydace cystinu ve vodnych rozto cich</subfield></datafield><datafield ind1=" " ind2=" " tag="260"><subfield code="a">Praha</subfield><subfield code="b">Ceskoslovenska Akademie Ved</subfield><subfield code="c">1957</subfield></datafield><datafield ind1=" " ind2=" " tag="300"><subfield code="a">8 p</subfield></datafield><datafield ind1=" " ind2=" " tag="700"><subfield code="a">Spurny, Zdenek</subfield></datafield><datafield ind1=" " ind2=" " tag="CAT"><subfield code="a">SYS</subfield><subfield code="c">20170208</subfield><subfield code="h">124628</subfield></datafield></record></collection>